<record><leader>00000cas a2200000 a 4500</leader><controlfield tag="001">10834461</controlfield><controlfield tag="008">840612d18571874vtuwr ne      0    0eng d</controlfield><controlfield tag="009">330</controlfield><datafield ind1=" " ind2=" " tag="010"><subfield code="a">sn 84023349 </subfield></datafield><datafield ind1=" " ind2=" " tag="040"><subfield code="a">AQM</subfield><subfield code="b">eng</subfield><subfield code="c">AQM</subfield><subfield code="d">NPX</subfield><subfield code="d">NVN</subfield><subfield code="d">OCL</subfield><subfield code="d">UKMGB</subfield><subfield code="d">DLC</subfield><subfield code="d">OCLCA</subfield><subfield code="d">OCLCF</subfield></datafield><datafield ind1="7" ind2=" " tag="016"><subfield code="a">013917633</subfield><subfield code="2">Uk</subfield></datafield><datafield ind1="1" ind2=" " tag="029"><subfield code="a">AU@</subfield><subfield code="b">000003324728</subfield></datafield><datafield ind1=" " ind2=" " tag="042"><subfield code="a">msc</subfield></datafield><datafield ind1=" " ind2=" " tag="043"><subfield code="a">n-us-vt</subfield></datafield><datafield ind1="0" ind2="0" tag="050"><subfield code="a">Newspaper</subfield></datafield><datafield ind1="0" ind2=" " tag="130"><subfield code="a">Burlington weekly sentinel (Burlington, Vt. : 1857)</subfield></datafield><datafield ind1="1" ind2="4" tag="245"><subfield code="a">The Burlington weekly sentinel.</subfield></datafield><datafield ind1=" " ind2=" " tag="260"><subfield code="a">Burlington, Vt. :</subfield><subfield code="b">D.A. Danforth</subfield></datafield><datafield ind1=" " ind2=" " tag="300"><subfield code="a">v. ;</subfield><subfield code="c">cm.</subfield></datafield><datafield ind1=" " ind2=" " tag="310"><subfield code="a">Weekly</subfield></datafield><datafield ind1="0" ind2=" " tag="362"><subfield code="a">Vol. 57, no. 21 (May 21, 1857).</subfield></datafield><datafield ind1="1" ind2=" " tag="362"><subfield code="a">Ceased in 1874?</subfield></datafield><datafield ind1=" " ind2=" " tag="500"><subfield code="a">"Democratic". Cf. Rann, W.S.  Hist. of Chittenden Co., Vt.</subfield></datafield><datafield ind1=" " ind2=" " tag="500"><subfield code="a">Editors: D.A. Danforth, &lt;1860&gt;; E.M. Smalley, &lt;1860&gt;.</subfield></datafield><datafield ind1=" " ind2=" " tag="580"><subfield code="a">Merged with: Burlington democrat (Burlington, Vt.) to form: Burlington democrat and weekly sentinel.</subfield></datafield><datafield ind1=" " ind2="0" tag="651"><subfield code="a">Burlington (Vt.)</subfield><subfield code="v">Newspapers.</subfield></datafield><datafield ind1=" " ind2="0" tag="651"><subfield code="a">Vermont</subfield><subfield code="v">Newspapers.</subfield></datafield><datafield ind1=" " ind2="7" tag="655"><subfield code="a">Newspapers.</subfield><subfield code="2">fast</subfield><subfield code="0">(OCoLC)fst01423814</subfield></datafield><datafield ind1=" " ind2="7" tag="651"><subfield code="a">Vermont.</subfield><subfield code="2">fast</subfield><subfield code="0">(OCoLC)fst01204305</subfield></datafield><datafield ind1=" " ind2="7" tag="651"><subfield code="a">Vermont</subfield><subfield code="z">Burlington.</subfield><subfield code="2">fast</subfield><subfield code="0">(OCoLC)fst01207603</subfield></datafield><datafield ind1="1" ind2=" " tag="700"><subfield code="a">Danforth, Douglass A.</subfield></datafield><datafield ind1="1" ind2=" " tag="700"><subfield code="a">Smalley, E. Marvin.</subfield></datafield><datafield ind1=" " ind2=" " tag="752"><subfield code="a">United States</subfield><subfield code="b">Vermont</subfield><subfield code="c">Chittenden</subfield><subfield code="d">Burlington.</subfield></datafield><datafield ind1="0" ind2="0" tag="780"><subfield code="t">Burlington sentinel (Burlington, Vt. : 1848)</subfield><subfield code="w">(DLC)sn 84023348</subfield><subfield code="w">(OCoLC)10834301</subfield></datafield><datafield ind1="1" ind2="7" tag="785"><subfield code="t">Burlington democrat (Burlington, Vt.)</subfield><subfield code="w">(DLC)sn 84023021</subfield><subfield code="w">(OCoLC)10687712</subfield></datafield><datafield ind1="1" ind2="7" tag="785"><subfield code="t">Burlington democrat and weekly sentinel</subfield><subfield code="w">(DLC)sn 84023022</subfield><subfield code="w">(OCoLC)10689220</subfield></datafield></record>